@misc{daos,
  author  = {ethereum.org},
  title   = {Decentralized autonomous organizations (DAOs)},
  year    = {2023},
  url     = {https://ethereum.org/en/dao/},
  note    = {Accessed: 2023-09-06}
}
